@misc{craveiro_2024_lista,
  author = {Craveiro, Gisele S.},
  month = {05},
  title = {Lista de Problemas para o Exercício Programa - MIPS},
  url = {https://edisciplinas.usp.br/pluginfile.php/8369715/mod_resource/content/1/Lista%20Problemas%20-%20EP.pdf},
  urldate = {2024-06-23},
  year = {2024},
  organization = {edisciplinas.usp.br}
}

@book{hennessy_2014_organizao,
  author = {Hennessy, John L and Patterson, David A},
  edition = {4},
  pages = {630-690},
  publisher = {Elsevier},
  title = {Organização e Projeto de Computadores: a Interface Hardware/Software},
  year = {2014}
}

@misc{a2016_mips,
  month = {12},
  title = {MIPS® Architecture For Programmers Volume II-A: The MIPS64® Instruction Set Reference Manual},
  url = {https://s3-eu-west-1.amazonaws.com/downloads-mips/documents/MD00087-2B-MIPS64BIS-AFP-6.06.pdf},
  urldate = {2024-06-28},
  year = {2016}
}

@misc{tabela,
  title = {Tabela de Instruções MIPS64},
  url = {https://dcc.ufrj.br/~gabriel/arqcomp/TabelaMIPS64.pdf},
  urldate = {2024-06-28}
}

@misc{infraestrutura,
  title = {Infra-estrutura de Hardware},
  url = {https://www.cin.ufpe.br/~if674/arquivos/2019.1/Aulas/multi-ciclo-riscv.pdf},
  urldate = {2024-06-28}
}

@misc{missouristateuniversity_mars,
  author = {Missouri State University},
  title = {MARS MIPS simulator - Missouri State University},
  url = {https://courses.missouristate.edu/KenVollmar/MARS/index.htm},
  organization = {courses.missouristate.edu}
}

@misc{the,
  title = {The MIPS Info Sheet MIPS Instructions Arithmetic/Logic},
  url = {https://www.cs.tufts.edu/comp/140/lectures/Day_3/mips_summary.pdf},
  urldate = {2024-06-29}
}

@misc{guia,
  title = {Guia Rápido MIPS Tipos de Dados e Formatações},
  url = {https://www.inf.ufpr.br/wagner/ci243/GuiaMIPS.pdf}
}

@misc{mutlu_design,
  author = {Mutlu, Onur},
  title = {Design of Digital Circuits 2017 Srdjan Capkun MIPS Assembly},
  url = {https://ethz.ch/content/dam/ethz/special-interest/infk/inst-infsec/system-security-group-dam/education/Digitaltechnik_17/MIPS_Assembly_23032017.pdf},
  urldate = {2024-06-29}
}

@misc{kim_2013_the,
  author = {Kim, Martha A.},
  title = {The MIPS Instruction Set},
  url = {https://www.cs.columbia.edu/~martha/courses/3827/au13/mips-isa.pdf},
  urldate = {2024-06-29},
  year = {2013}
}